<record><leader>00000cas a22000007a 4500</leader><controlfield tag="001">12799964</controlfield><controlfield tag="008">851115d19071914aluwr ne      0    0eng d</controlfield><datafield ind1=" " ind2=" " tag="010"><subfield code="a">sn 85045073 </subfield></datafield><datafield ind1=" " ind2=" " tag="040"><subfield code="a">ALM</subfield><subfield code="b">eng</subfield><subfield code="c">ALM</subfield><subfield code="d">CPN</subfield><subfield code="d">OCLCQ</subfield></datafield><datafield ind1=" " ind2=" " tag="042"><subfield code="a">msc</subfield></datafield><datafield ind1="0" ind2="0" tag="245"><subfield code="a">Midland City enterprise.</subfield></datafield><datafield ind1="1" ind2="3" tag="246"><subfield code="a">Enterprise</subfield></datafield><datafield ind1=" " ind2=" " tag="260"><subfield code="a">Midland City, Ala. :</subfield><subfield code="b">G.W. Godwin</subfield></datafield><datafield ind1=" " ind2=" " tag="300"><subfield code="a">v. :</subfield><subfield code="b">ill. ;</subfield><subfield code="c">54-55 cm.</subfield></datafield><datafield ind1=" " ind2=" " tag="310"><subfield code="a">Weekly</subfield></datafield><datafield ind1="1" ind2=" " tag="362"><subfield code="a">Began Dec. 13, 1907; ceased in 1914?</subfield><subfield code="z">Cf. Gregory, W. Amer. newspapers.</subfield></datafield><datafield ind1=" " ind2=" " tag="500"><subfield code="a">Editors: &lt;1908&gt; A.C. Daniel; &lt;1909-1913&gt; J.W. Godwin.</subfield></datafield><datafield ind1=" " ind2=" " tag="515"><subfield code="a">Publication suspended between Oct. 31, 1913 and Jan. 2, 1914.</subfield></datafield><datafield ind1=" " ind2=" " tag="588"><subfield code="a">Description based on: Vol. 1, no. 4 (Jan. 1, 1908).</subfield></datafield><datafield ind1="1" ind2=" " tag="700"><subfield code="a">Daniel, A. C.</subfield></datafield><datafield ind1="1" ind2=" " tag="700"><subfield code="a">Godwin, J. W.</subfield></datafield><datafield ind1=" " ind2=" " tag="752"><subfield code="a">United States</subfield><subfield code="b">Alabama</subfield><subfield code="c">Dale</subfield><subfield code="d">Midland City.</subfield></datafield><datafield ind1="1" ind2=" " tag="029"><subfield code="a">AU@</subfield><subfield code="b">000025833963</subfield></datafield></record>